<record xmlns="http://www.loc.gov/MARC21/slim" xmlns:xsi="http://www.w3.org/2001/XMLSchema-instance" xsi:schemaLocation="http://www.loc.gov/MARC21/slim http://www.loc.gov/standards/marcxml/schema/MARC21slim.xsd">

  <leader>00713nam a2200193Ia 4500</leader>
  <controlfield tag="008">150715b1998    US ||||| |||| 00| | E   d</controlfield>
  <datafield ind1=" " tag="020" ind2=" ">
    <subfield code="a">0815313535</subfield>
  </datafield>
  <datafield ind1=" " tag="090" ind2=" ">
    <subfield code="a">06.01.01 </subfield>
    <subfield code="b">921</subfield>
  </datafield>
  <datafield ind2="0" tag="245" ind1="1">
    <subfield code="a">Educational qualitative research in Latin America : the struggle for a new paradigm / </subfield>
    <subfield code="c">Gary L. Anderson, Martha Montero-Sieburth, editores</subfield>
  </datafield>
  <datafield ind1=" " tag="260" ind2=" ">
    <subfield code="a">New York, Estados Unidos : </subfield>
    <subfield code="b">Garland Publishing, Inc., </subfield>
    <subfield code="c">1998</subfield>
  </datafield>
  <datafield ind1=" " tag="300" ind2=" ">
    <subfield code="a">246 páginas</subfield>
  </datafield>
  <datafield ind1="1" tag="650" ind2="4">
    <subfield code="a">INVESTIGACIÓN EDUCATIVA</subfield>
    <subfield code="9">326</subfield>
  </datafield>
  <datafield ind2="4" tag="650" ind1="1">
    <subfield code="a">INVESTIGACIÓN CUALITATIVA</subfield>
    <subfield code="9">317</subfield>
  </datafield>
  <datafield ind1="1" tag="650" ind2="4">
    <subfield code="a">METODOLOGÍA</subfield>
    <subfield code="9">285</subfield>
  </datafield>
  <datafield ind1=" " tag="651" ind2="4">
    <subfield code="a">AMÉRICA LATINA</subfield>
    <subfield code="9">273</subfield>
  </datafield>
  <datafield ind2=" " ind1="1" tag="700">
    <subfield code="a">Montero-Sieburth,  Martha</subfield>
    <subfield code="9">327</subfield>
    <subfield code="e">Editor</subfield>
  </datafield>
  <datafield ind2=" " ind1="0" tag="700">
    <subfield code="a">Anderson, Gary L. </subfield>
    <subfield code="9">328</subfield>
    <subfield code="e">editor</subfield>
  </datafield>
  <datafield tag="942" ind1=" " ind2=" ">
    <subfield code="2">z</subfield>
    <subfield code="c">01</subfield>
  </datafield>
  <datafield ind1=" " tag="999" ind2=" ">
    <subfield code="c">39</subfield>
    <subfield code="d">39</subfield>
  </datafield>
</record>